<record><leader>00000cas a2200000 a 4500</leader><controlfield tag="001">50319178</controlfield><controlfield tag="006">m     o  d        </controlfield><controlfield tag="007">cr an|||||||||</controlfield><controlfield tag="008">020807d18211848mauwr nso     0    0eng c</controlfield><datafield ind1=" " ind2=" " tag="010"><subfield code="a">  2007233761</subfield></datafield><datafield ind1=" " ind2=" " tag="040"><subfield code="a">APSON</subfield><subfield code="b">eng</subfield><subfield code="c">APSON</subfield><subfield code="d">OCLCQ</subfield><subfield code="d">APSON</subfield><subfield code="d">GUA</subfield><subfield code="d">OCLCQ</subfield><subfield code="d">OCLCF</subfield><subfield code="d">OCLCO</subfield></datafield><datafield ind1=" " ind2=" " tag="042"><subfield code="a">pcc</subfield></datafield><datafield ind1=" " ind2=" " tag="043"><subfield code="a">n-us-ma</subfield></datafield><datafield ind1="1" ind2="4" tag="050"><subfield code="a">BX6201</subfield></datafield><datafield ind1="0" ind2="4" tag="082"><subfield code="a">051</subfield></datafield><datafield ind1="0" ind2=" " tag="130"><subfield code="a">Christian watchman (Boston, Mass. : 1821 : Online)</subfield></datafield><datafield ind1="1" ind2="4" tag="245"><subfield code="a">The Christian watchman</subfield><subfield code="h">[electronic resource].</subfield></datafield><datafield ind1="3" ind2=" " tag="246"><subfield code="a">Watchman</subfield></datafield><datafield ind1=" " ind2=" " tag="260"><subfield code="a">Boston, Mass. :</subfield><subfield code="b">True, Weston &amp; Green,</subfield><subfield code="c">1821-</subfield></datafield><datafield ind1=" " ind2=" " tag="310"><subfield code="a">Weekly</subfield></datafield><datafield ind1="0" ind2=" " tag="362"><subfield code="a">Vol. 2, no. 19 (Apr. 21, 1821)-</subfield></datafield><datafield ind1="1" ind2=" " tag="362"><subfield code="a">Ceased with v. 29, no. 19 (May 12, 1848).</subfield></datafield><datafield ind1=" " ind2=" " tag="500"><subfield code="a">Title from pdf caption (ProQuest APS Online, viewed Oct. 4, 2007).</subfield></datafield><datafield ind1=" " ind2=" " tag="515"><subfield code="a">Issues for Apr. 21, 1821-Mar. 8, 1823 called also new ser.; Jan. 7, 1831-May 12, 1848 called also whole no. 604-1528.</subfield></datafield><datafield ind1=" " ind2=" " tag="530"><subfield code="a">Also issued in print and on microfilm.</subfield></datafield><datafield ind1=" " ind2=" " tag="538"><subfield code="a">Mode of access: World Wide Web.</subfield></datafield><datafield ind1=" " ind2=" " tag="550"><subfield code="a">Issues for Dec. 9, 1825-Aug. 3, 1838 published under the patronage of the Baptist Missionary Society of Massachusetts.</subfield></datafield><datafield ind1=" " ind2=" " tag="580"><subfield code="a">Merged with: Christian reflector (1840 : Online), to form: Christian reflector &amp; Christian watchman (Online).</subfield></datafield><datafield ind1=" " ind2=" " tag="588"><subfield code="a">Latest issue consulted: Vol. 29, no. 18 (May 5 1848), viewed Oct. 4, 2007.</subfield></datafield><datafield ind1=" " ind2="0" tag="650"><subfield code="a">Baptists</subfield><subfield code="v">Newspapers.</subfield></datafield><datafield ind1=" " ind2="0" tag="651"><subfield code="a">Boston (Mass.)</subfield><subfield code="v">Newspapers.</subfield></datafield><datafield ind1=" " ind2="0" tag="651"><subfield code="a">Suffolk County (Mass.)</subfield><subfield code="v">Newspapers.</subfield></datafield><datafield ind1=" " ind2="7" tag="655"><subfield code="a">Newspapers.</subfield><subfield code="2">fast</subfield><subfield code="0">(OCoLC)fst01423814</subfield></datafield><datafield ind1=" " ind2="7" tag="650"><subfield code="a">Baptists.</subfield><subfield code="2">fast</subfield><subfield code="0">(OCoLC)fst00827285</subfield></datafield><datafield ind1=" " ind2="7" tag="651"><subfield code="a">Massachusetts</subfield><subfield code="z">Boston.</subfield><subfield code="2">fast</subfield><subfield code="0">(OCoLC)fst01205012</subfield></datafield><datafield ind1=" " ind2="7" tag="651"><subfield code="a">Massachusetts</subfield><subfield code="z">Suffolk County.</subfield><subfield code="2">fast</subfield><subfield code="0">(OCoLC)fst01206189</subfield></datafield><datafield ind1="2" ind2=" " tag="710"><subfield code="a">Massachusetts Baptist Missionary Society.</subfield></datafield><datafield ind1=" " ind2=" " tag="752"><subfield code="a">United States</subfield><subfield code="b">Massachusetts</subfield><subfield code="c">Suffolk</subfield><subfield code="d">Boston.</subfield></datafield><datafield ind1="1" ind2=" " tag="776"><subfield code="t">Christian watchman (Boston, Mass. : 1821)</subfield><subfield code="w">(DLC)sn 86077247</subfield><subfield code="w">(OCoLC)6934358</subfield></datafield><datafield ind1="0" ind2="0" tag="780"><subfield code="t">Christian watchman &amp; Baptist register (Online)</subfield><subfield code="w">(DLC)  2007233760</subfield><subfield code="w">(OCoLC)50318408</subfield></datafield><datafield ind1="1" ind2="7" tag="785"><subfield code="t">Christian reflector (1840 : Online)</subfield><subfield code="w">(DLC)  2007233762</subfield><subfield code="w">(OCoLC)70781653</subfield></datafield><datafield ind1="1" ind2="7" tag="785"><subfield code="t">Christian reflector &amp; Christian watchman (Online)</subfield><subfield code="w">(DLC)  2007233763</subfield><subfield code="w">(OCoLC)70717054</subfield></datafield><datafield ind1="4" ind2="0" tag="856"><subfield code="u">http://proquest.umi.com/pqdweb</subfield></datafield></record>